% Encoding: UTF-8

@Article{2000Chen,
  author    = {Ying Qing Chen and Mei-Cheng Wang},
  title     = {Analysis of Accelerated Hazards Models},
  journal   = {Journal of the American Statistical Association},
  year      = {2000},
  volume    = {95},
  number    = {450},
  pages     = {608-618},
  doi       = {10.1080/01621459.2000.10474236},
  publisher = {Taylor and Francis},
  url       = {https://www.tandfonline.com/doi/abs/10.1080/01621459.2000.10474236},
}

@Book{bookLawless,
  title     = {Statistical Models and Methods for Lifetime Data},
  publisher = {John Wiley and Sons},
  year      = {2002},
  author    = {Lawless, J. F},
  series    = {Wiley Series in Probability and Statistics},
  edition   = {2nd Edition},
  isbn      = {9780471372158},
}

@Misc{rstan,
  author = {{Stan Development Team}},
  title  = {{RStan}: the {R} interface to {Stan}},
  year   = {2023},
  note   = {R package version 2.21.8},
  url    = {https://mc-stan.org/},
}

@Article{1983Bennett,
  author  = {S Bennett},
  title   = {Analysis of survival data by the proportional odds model},
  journal = {Statistics in Medicine},
  year    = {1983},
  volume  = {2},
  number  = {2},
  pages   = {273-277},
}

@Comment{jabref-meta: databaseType:bibtex;}
